%----------Chapter1-----------%
@aricle{QAS,
    author = {A. Stupina and E Zhukov and S N Ezhemanskaya and M V Karaseva and L N Korpacheva},
    title = {Question-answering system},
    year = {2016},
    journal = {IOP Conf. Series: Materials Science and Engineering 155},
}

@article{Types_QAS_Survey,
    author = {A. Chandra Obula Reddy and K. Madhavi},
    title = {A Survey on Types of Question Answering System},
    year = {2017},
    journal = {IOSR Journal of Computer Engineering (IOSR-JCE) e-ISSN:2278-0661, p-ISSN:2278-8727, Volume 19, Issue}
}

@PhDThesis{thesisasma,
title = {Three-levels Approach for Arabic Question Answering Systems},
author = {Lahsen Abouenour},
school = {UNIVERSITE MOHAMMED V DE RABAT, ECOLE MOHAMMADIA D’INGENIEURS},
year = {2014}}

@misc{speechrecdef,
  title = {Speech Recognition Definition},
  author = {Christensson, P.},
  year = "January 10th 2014 ",
  howpublished = {\url{https://techterms.com},
  note ={Visited 2019, Jun 25},
}

@book{speechlangprocessing,
author = {S Jurafsky, Daniel and Martin, James},
year = {2000},
month = {01},
pages = {},
title = {Speech and Language Processing},
isbn = {0130950696}
}

@article{speechrechist,
author = {H. Juang, B and Rabiner, Lawrence},
year = {2005},
month = {01},
pages = {},
title = {Automatic Speech Recognition - A Brief History of the Technology Development}
}

@article{audrey,
    author  = {Davis and Biddulph and Balashek },
    title   = {Audrey Speech Recognizer},
    year    = {1952},
    journal = {},
}

@article{harpy,
author = {T. Lowerre, B},
year = {1976},
month = {03},
pages = {},
title = {The Harpy Speech Recognition System, PhD thesis},
journal = {Tech rep}
}


@misc{ibmshoebox,
  author = {IBM},
  title = {IBMShoebox},
  year = {1962},
  howpublished = {\url{https://www.ibm.com/ibm/history/exhibits/specialprod1/specialprod1_7.html}},
  note ={[Visited November-03-2018]}
}

@article{hmmtuto,
author = {Rabiner, Lawrence},
year = {1989},
month = {03},
pages = {257 - 286},
title = {A Tutorial on Hidden Markov Models and Selected Applications on Speech Recognition},
volume = {77},
journal = {Proceedings of the IEEE},
doi = {10.1109/5.18626}
}

@misc{audreysiri,
  author = {Melanie Pinola},
  title = {History of voice recognition: from Audrey to Siri},
  year = "November 4th 2011",
  howpublished = {\url{https://www.itbusiness.ca/news/history-of-voice-recognition-from-audrey-to-siri/15008}}
}

@book{deeplearningapproach,
    author    = " Dong Yu and Lee Deng",
    title     = "Automatic Speech Recognition, A Deep Learning Approach",
    year      = "November 11th 2014",
    publisher = "Springer Publishing Company"
}

@article{mfcc,
author = {Rashidul Hasan, Md and Jamil, Mustafa and Rabbani, Golam and Rahman, Md. Saifur},
year = {2004},
month = {12},
pages = {},
title = {Speaker Identification Using Mel Frequency Cepstral Coefficients},
journal = {Proceedings of the 3rd International Conference on Electrical and Computer Engineering (ICECE 2004)}
}

@article{featureextract,
author = {Salvi, Giampiero},
year = {1999},
month = {01},
pages = {},
title = {Developing acoustic models for automatic speech recognition in Swedish},
journal = {The European Student Journal of Language and Speech}
}

@article{terministicapproach,
author = {J. Keogh, Eamonn and Pazzani, Michael},
year = {2002},
month = {01},
pages = {},
title = {Derivative Dynamic Time Warping},
volume = {1},
journal = {First SIAM International Conference on Data Mining},
doi = {10.1137/1.9781611972719.1}
}

@article{gmmrobust,
author = {Reynolds, D.A. and Rose, Richard},
year = {1995},
month = {02},
pages = {72 - 83},
title = {Robust text-independent speaker identification using Gaussian Mixture speaker models},
volume = {3},
journal = {Speech and Audio Processing, IEEE Transactions on},
doi = {10.1109/89.365379}
}

@inproceedings{dnnnew,
author = {Deng, li and Hinton, Geoffrey and Kingsbury, Brian},
year = {2013},
month = {10},
pages = {8599-8603},
title = {New types of deep neural network learning for speech recognition and related applications: An overview},
journal = {Acoustics, Speech, and Signal Processing, 1988. ICASSP-88., 1988 International Conference on},
doi = {10.1109/ICASSP.2013.6639344}
}

@article{ngramspeech,
author = {M. Katz, Slava},
year = {1987},
month = {04},
pages = {400 - 401},
title = {Estimation of probabilities from sparse data for the language model component of a speech recognizer},
volume = {35},
journal = {Acoustics, Speech and Signal Processing, IEEE Transactions on},
doi = {10.1109/TASSP.1987.1165125}
}


@inproceedings{langmodelbenefit,
author = {Qatab, Bassam and N. Ainon, Raja},
year = {2010},
month = {07},
pages = {557 - 562},
title = {Arabic speech recognition using Hidden Markov Model Toolkit(HTK)},
volume = {2},
doi = {10.1109/ITSIM.2010.5561391}
}

@book{languagemodel,
author = {Jurafsky, Daniel and Martin, James},
year = {2008},
month = {02},
pages = {83-118},
title = {Speech and Language Processing: An Introduction to Natural Language Processing, Computational Linguistics, and Speech Recognition},
volume = {2}
}

@inproceedings{towardse2esr,
  title={Towards end-to-end speech recognition with recurrent neural networks},
  author={Graves, Alex and Jaitly, Navdeep},
  booktitle={International conference on machine learning},
  pages={1764--1772},
  year={2014}
}

@article{compareapi,
author = {Bohouta, Gamal and Këpuska, Veton},
year = {2017},
month = {03},
pages = {20-24},
title = {Comparing Speech Recognition Systems (Microsoft API, Google API And CMU Sphinx)},
volume = {2248-9622},
journal = {Int. Journal of Engineering Research and Application},
doi = {10.9790/9622-0703022024}
}

@article{werformula,
author = {Mccowan, Iain and Moore, Darren and Dines, John and Gatica-Perez, Daniel and Flynn, Mike and Wellner, Pierre and Bourlard, Herve},
year = {2004},
month = {01},
pages = {},
title = {On the Use of Information Retrieval Measures for Speech Recognition Evaluation}
}

@article{textspeechpres,
author = {Amrouche, Aissa and Falek, Leila and Teffahi, Hocine},
year = {2017},
month = {07},
pages = {},
title = {Design and Implementation of a Diacritic Arabic Text-To-Speech System},
volume = {4},
journal = {International Arab Journal of Information Technology}
}
@misc{ttsuse,
  title = {La synthèse vocale : un outil utile pour tous les utilisateurs},
  author = {Moïse Akbaraly},
  year = "January 27th 2019 ",
  howpublished = {\url{https://blog.ipedis.com/synthese-vocale-outil-experience-utilisateur},
  note ={Visited February 18th 2018},
}
@article{textspeechmodules,
author = {O. Arik, Sercan and Chrzanowski, Mike and Coates, Adam and Diamos, Gregory and Gibiansky, Andrew and Kang, Yongguo and Li, Xian and Miller, John and Raiman, Jonathan and Sengupta, Shubho and Shoeybi, Mohammad},
year = {2017},
month = {02},
pages = {},
title = {Deep Voice: Real-time Neural Text-to-Speech}
}

@inproceedings{e2espeechsynth,
author = {Wang, Yuxuan and Skerry-Ryan, R.J. and Stanton, Daisy and Wu, Yonghui and J. Weiss, Ron and Jaitly, Navdeep and Yang, Zongheng and Xiao, Ying and Chen, Zhifeng and Bengio, Samy and Le, Quoc and Agiomyrgiannakis, Yannis and Clark, Rob and A. Saurous, Rif},
year = {2017},
month = {08},
pages = {4006-4010},
title = {Tacotron: Towards End-to-End Speech Synthesis},
doi = {10.21437/Interspeech.2017-1452}
}
@article{qstClassif,
author = {Mishra, Amit and Jain, Sanjay},
year = {2015},
month = {11},
pages = {},
title = {A survey on question answering systems with classification},
volume = {28},
journal = {Journal of King Saud University - Computer and Information Sciences},
doi = {10.1016/j.jksuci.2014.10.007}
}

@misc{arpabet,
  author= "Arpabet",
  title = {Arpabet},
  year = "May 2017",
  howpublished = {\url{https://ipfs.io/ipfs/QmXoypizjW3WknFiJnKLwHCnL72vedxjQkDDP1mXWo6uco/wiki/Arpabet.html}}
}

@misc{ttsapps,
   author = {Nicholas Fearn},
   title = {Best text to speech software},
   editor = {techradar.com},
   year =  {2018},
   howpublished = {\url{https://www.techradar.com/news/best-text-to-speech-software}},
   note ={[posted May 24th  2018]},
}
@misc{polly,
   author = {Amazon},
   title = {Amazon Polly},
   editor = {amazon.com},
   year =  {November 30th, 2016},
   howpublished = {\url{https://aws.amazon.com/polly/}},
   note ={visited January 24th  2019},
}
@misc{voicereader,
   author = {Linguatec},
   title = {Voice Reader Home},
   editor = {www.linguatec.de/},
   year =  {2016},
   howpublished = {\url{https://www.linguatec.de/en/text-to-speech/voice-reader-home-15}},
   note ={visited January 24th  2019},
}

@misc{captivoice,
   author = {Capti},
   title = {Capti Voice},
   editor = {https://www.captivoice.com/},
   year =  {2016},
   howpublished = {\url{https://www.captivoice.com/capti-site//}},
   note ={visited January 24th  2019},
}

@misc{naturalreader,
   author = {NaturalReader},
   title = {Natural Reader},
   year =  {2017},
   howpublished = {\url{https://www.naturalreaders.com/}},
   note ={visited January 24th  2019},
}
@online{example,
  author = {Christensson, Per},
  title = {Speech Recognition Definition},
  year = 1999,
  url = {http://web.archive.org/web/20080207010024/http://www.808multimedia.com/winnt/kernel.htm},
  urldate = {2010-09-30}
}
%----------Chapter2-----------%
@book{ml,
    author = "Tom Mitchell",
    title = "Machine Learning",
    year      = "1997",
    publisher = "McGraw-Hill Science/Engineering/Math"
}
@article{underoverfitting,
author = {Guyon, Xavier and Yao, Jianfeng},
year = {1999},
month = {08},
pages = {221-249},
title = {On the Underfitting and Overfitting Sets of Models Chosen by Order Selection Criteria},
volume = {70},
journal = {Journal of Multivariate Analysis},
doi = {10.1006/jmva.1999.1828}
}
@article{hmmdef,
author = {Rabiner, Lawrence and Juang, B.H.},
year = {1986},
month = {02},
pages = {},
title = {An Introduction to Hidden Markov Models},
journal = {IEEE ASSP Magazine},
doi = {10.1109/MASSP.1986.1165342}
}
@article{hmmdef2,
author = {Ghahramani, Zoubin},
year = {2001},
month = {02},
pages = {9-42},
title = {An Introduction to Hidden Markov Models and Bayesian Networks.},
volume = {15},
journal = {IJPRAI},
doi = {10.1142/S0218001401000836}
}
@article{dlacoustic,
author = {Hinton, Geoffrey and Deng, li and Yu, Dong and Dahl, George and Mohamed, Abdel-rahman and Jaitly, Navdeep and Senior, Andrew and Vanhoucke, Vincent and Nguyen, Patrick and Sainath, Tara and Kingsbury, Brian},
year = {2012},
month = {11},
pages = {},
title = {Deep Neural Networks for Acoustic Modeling in Speech Recognition},
journal = {Signal Processing Magazine, IEEE, vol. 29, no. 6}
}
@book{Goodfellow-et-al-2016,
    title={Deep Learning},
    author={Ian Goodfellow and Yoshua Bengio and Aaron Courville},
    publisher={MIT Press},
    note={\url{http://www.deeplearningbook.org}},
    year={2016}
}
@article{typesml,
author = {Shalev-Shwartz, Shai and Ben-David, Shai},
year = {2013},
month = {01},
pages = {},
title = {Understanding machine learning. From theory to algorithms},
journal = {Understanding Machine Learning: From Theory to Algorithms},
doi = {10.1017/CBO9781107298019}
}
@book{supervised,
    title={Real-World Machine Learning},
    author={Henrik, Brink and Joseph W.,Richards and Mark, Fetherolf},
    publisher={Manning Editions},
    year={September 2016}
}
@article{neuralnetsbook,
author = {Touzet, Claude},
year = {2019},
month = {06},
pages = {},
title = {LES RESEAUX DE NEURONES ARTIFICIELS INTRODUCTION AU CONNEXIONNISME COURS, EXERCICES ET TRAVAUX PRATIQUES}
}
@article{rnnintro,
author = {Graves, Alex and Mohamed, Abdel-rahman and Hinton, Geoffrey},
year = {2013},
month = {03},
pages = {},
title = {Speech Recognition with Deep Recurrent Neural Networks},
volume = {38},
journal = {ICASSP, IEEE International Conference on Acoustics, Speech and Signal Processing - Proceedings},
doi = {10.1109/ICASSP.2013.6638947}
}
@misc{rnntowardsdata,
   author = {Marco Peixeiro},
   title = {Introduction to Recurrent Neural Networks (RNN)},
   year =  {April 15th 2019},
   howpublished = {\url{https://towardsdatascience.com/introduction-to-recurrent-neural-networks-rnn-with-dinosaurs-790e7\\4e3e6f6}},
   note ={[visited March 24th 2019]},
}
@misc{rnnschema,
   author = {Suvro Banerjee},
   title = {An Introduction to Recurrent Neural Networks},
   year =  {May 23rd 2018},
   howpublished = {\urlhttps://medium.com/explore-artificial-intelligence/an-introduction-to-recurrent-neural-networks-72c97bf0912}},
   note ={visited March 13th 2019},
}
 
@misc{vanishinggradient,
   author = {Michael Nguyen},
   title = {Illustrated Guide to Recurrent Neural Networks},
   year =  {2018},
   howpublished = {\url{ https://towardsdatascience.com/introduction-to-recurrent-neural-networks-rnn-with-dinosaurs-790e7\\4e3e6f6}},
   note ={visited March 24th 2019},
}
@article{cnnintro,
author = {O'Shea, Keiron and Nash, Ryan},
year = {2015},
month = {11},
pages = {},
title = {An Introduction to Convolutional Neural Networks},

@misc{cnn1d,
   author = {Nils Ackermann},
   title = {Introduction to 1D Convolutional Neural Networks in Keras for Time Sequences},
   year =  {September 4th 2015},
   howpublished = {\url{https://blog.goodaudience.com/introduction-to-1d-convolutional-neural-networks-in-keras-for-time-sequences-3a7ff801a2cf}},
   note ={visited April 1st 2019},
}
@article{cnnhist,
author = {Lecun, Yann and Bottou, Leon and Bengio, Y and Haffner, Patrick},
year = {1998},
month = {12},
pages = {2278 - 2324},
title = {Gradient-Based Learning Applied to Document Recognition},
volume = {86},
journal = {Proceedings of the IEEE},
doi = {10.1109/5.726791}
}
@Inbook{MRR,
    author="Craswell and Nick",
    editor="LIU, LING
    and {\"O}ZSU, M. TAMER",
    title="Mean Reciprocal Rank",
    bookTitle="Encyclopedia of Database Systems",
    year="2009",
    publisher="Springer US",
    address="Boston, MA",
    pages="1703--1703",
    isbn="978-0-387-39940-9",
    doi="10.1007/978-0-387-39940-9_488",
    url="https://doi.org/10.1007/978-0-387-39940-9_488"
}
@inproceedings{ArabicQA,
  title={DefArabicQA: Arabic definition question answering system},
  author={Trigui, Omar and Belguith, Lamia Hadrich and Rosso, Paolo},
  booktitle={Workshop on Language Resources and Human Language Technologies for Semitic Languages, 7th LREC, Valletta, Malta},
  pages={40--45},
  year={2010}
}
@inproceedings{Albayan,
  title={Al-Bayan: A knowledge-based system for Arabic answer selection},
  author={Mohamed, Reham and Ragab, Maha and Abdelnasser, Heba and El-Makky, Nagwa M and Torki, Marwan},
  booktitle={Proceedings of the 9th International Workshop on Semantic Evaluation (SemEval 2015)},
  pages={226--230},
  year={2015}
}
@inproceedings{StartPaper,
  title={Natural Language Annotations for Question Answering.},
  author={Katz, Boris and Borchardt, Gary C and Felshin, Sue},
  booktitle={FLAIRS Conference},
  pages={303--306},
  year={2006}
}
@article{asrreview,
  title={Speech recognition systems: A comparative review},
  author={Matarneh, Rami and Maksymova, Svitlana and Lyashenko, Vyacheslav and Belova, N},
  year={2017},
  publisher={IOSR}
}
@misc{googleapiwer,
  author = "Google",
  title = {Google AI technique reduces speech recognition errors by 29\%},
  year = "2019",
  howpublished = {\url{https://venturebeat.com/2019/02/21/google-ai-technique-reduces-speech-recognition-errors-by-29/}},
  note ={Consulté le 24/02.2019},
}
@misc{msapiwer,
  author = "Microsoft",
  title = {Microsoft’s Speech Recognition is Now as Good as a Human Transcriber},
  year = "2017",
  howpublished = {\url{https://futurism.com/microsofts-speech-recognition-is-now-as-good-as-a-human-transcriber}},
  note ={Consulté le 24/02.2019},
}
@article{prononciation,
  title={Modeling pronunciation variation for ASR: A survey of the literature},
  author={Strik, Helmer and Cucchiarini, Catia},
  journal={Speech Communication},
  volume={29},
  number={2-4},
  pages={225--246},
  year={1999},
  publisher={Elsevier}
}
@misc{dragonsdk,
  author = "Nuance",
  title = {Dragon Mobile SDK, Inc},
  year = "2019",
  howpublished = {\url{https://www.nuance.com/dragon/for-developers/dragon-software-developer-kit.html}},
  note ={Visited January 24th  2018},
}
@misc{googleapi,
  author = "Google",
  title = {Cloud Speech-to-Text},
  year = "2019",
  howpublished = {\url{https://cloud.google.com/speech-to-text}},
  note ={Visited January 24th  2018},
}
@online{microsoftapi,
  author = "Microsoft Azure",
  title = {Microsoft Speech API},
  year = "2019",
  howpublished = {\url{https://azure.microsoft.com/en-us/services/cognitive-services/speech-to-text/}},
  note ={Visited January 23rd  2018},
}
@misc{sphinxapi,
  author = "CMU Sphinx",
  title = {CMU Sphinx Open Source Speech Recognition Toolkit},
  year = "2017",
  howpublished = {\url{https://cmusphinx.github.io/}},
  note ={Visited January 24th  2018},
}
@article{sphinxkalidiaccuracy,
  title={Comparative Analysis of Speech Recognition Systems with Open Code},
  author={Belenko, MV and Balakshin, PV},
  journal={Международный научно-исследовательский журнал},
  number={04 (58) Часть 4},
  pages={13--18},
  year={2017}
}
@misc{kalidiapi,
  author = "Kaldi", 
  title = {The Kaldi Speech Recognition Toolkit},
  year = "2011",
  note = {Visited January 24th  2018},
  howpublished = {\url{http://kaldi-asr.org/}}
}
@inproceedings{diacritisation,
  title={Apport de la diacritisation de l’analyse morphosyntaxique de l’arabe (Apport of Diacritization in Arabic Morpho-Syntactic Analysis)[in French]},
  author={Hamdi, Ahmed},
  booktitle={Proceedings of the Joint Conference JEP-TALN-RECITAL 2012, volume 3: RECITAL},
  pages={247--254},
  year={2012}
}
@inproceedings{arasurvey,
  title={Literature Survey of Arabic Speech Recognition},
  author={Al-Anzi, Fawaz and AbuZeina, Dia},
  booktitle={2018 International Conference on Computing Sciences and Engineering (ICCSE)},
  pages={1--6},
  year={2018},
  organization={IEEE}
}
@article{survey1,
  title={Morphology-based language modeling for conversational Arabic speech recognition},
  author={Kirchhoff, Katrin and Vergyri, Dimitra and Bilmes, Jeff and Duh, Kevin and Stolcke, Andreas},
  journal={Computer Speech \& Language},
  volume={20},
  number={4},
  pages={589--608},
  year={2006},
  publisher={Elsevier}
}
@inproceedings{survey2,
  title={Empirical study of neural network language models for Arabic speech recognition},
  author={Emami, Ahmad and Mangu, Lidia},
  booktitle={2007 IEEE Workshop on Automatic Speech Recognition \& Understanding (ASRU)},
  pages={147--152},
  year={2007},
  organization={IEEE}
}
@article{survey3,
  title={Arabic broadcast news transcription system},
  author={Alghamdi, Mansour and Elshafei, Moustafa and Al-Muhtaseb, Husni},
  journal={International Journal of Speech Technology},
  volume={10},
  number={4},
  pages={183--195},
  year={2007},
  publisher={Springer}
}
@article{survey4,
  title={Algerian Arabic speech database (ALGASD): corpus design and automatic speech recognition application},
  author={Selouani, Sid Ahmed and Boudraa, Malika},
  journal={Arabian Journal for Science and Engineering},
  volume={35},
  number={2},
  year={2010}
}
@article{survey5,
  title={Arabic speaker-independent continuous automatic speech recognition based on a phonetically rich and balanced speech corpus.},
  author={Abushariah, Mohammad Abd-Alrahman Mahmoud and Ainon, Raja Noor and Zainuddin, Roziati and Elshafei, Moustafa and Khalifa, Othman Omran},
  journal={Int. Arab J. Inf. Technol.},
  volume={9},
  number={1},
  pages={84--93},
  year={2012}
}
@inproceedings{survey6,
  title={Natural speaker-independent Arabic speech recognition system based on Hidden Markov Models using Sphinx tools},
  author={Abushariah, Mohammad AM and Ainon, Raja N and Zainuddin, Roziati and Elshafei, Moustafa and Khalifa, Othman O},
  booktitle={International Conference on Computer and Communication Engineering (ICCCE'10)},
  pages={1--6},
  year={2010},
  organization={IEEE}
}
@article{survey6corpus,
  title={Database of Arabic sounds: sentences},
  author={Alghamdi, M and Alhamid, AH and Aldasuqi, MM},
  journal={Technical Report, King Abdulaziz City of Science and Technology},
  year={2003}
}
@inproceedings{survey7,
  title={An enhanced automatic speech recognition system for Arabic},
  author={Menacer, Mohamed Amine and Mella, Odile and Fohr, Dominique and Jouvet, Denis and Langlois, David and Smaili, Kamel},
  booktitle={Proceedings of the Third Arabic Natural Language Processing Workshop},
  pages={157--165},
  year={2017}
}
@article{e2e1,
  title={Deep speech: Scaling up end-to-end speech recognition},
  author={Hannun, Awni and Case, Carl and Casper, Jared and Catanzaro, Bryan and Diamos, Greg and Elsen, Erich and Prenger, Ryan and Satheesh, Sanjeev and Sengupta, Shubho and Coates, Adam and others},
  journal={arXiv preprint arXiv:1412.5567},
  year={2014}
}
@inproceedings{fichercorpus,
  title={The Fisher Corpus: a Resource for the Next Generations of Speech-to-Text.},
  author={Cieri, Christopher and Miller, David and Walker, Kevin},
  booktitle={LREC},
  volume={4},
  pages={69--71},
  year={2004}
}
@inproceedings{e2e2,
  title={End-to-end attention-based large vocabulary speech recognition},
  author={Bahdanau, Dzmitry and Chorowski, Jan and Serdyuk, Dmitriy and Brakel, Philemon and Bengio, Yoshua},
  booktitle={2016 IEEE International Conference on Acoustics, Speech and Signal Processing (ICASSP)},
  pages={4945--4949},
  year={2016},
  organization={IEEE}
}
@inproceedings{e2e3,
  title={Deep speech 2: End-to-end speech recognition in english and mandarin},
  author={Amodei, Dario and Ananthanarayanan, Sundaram and Anubhai, Rishita and Bai, Jingliang and Battenberg, Eric and Case, Carl and Casper, Jared and Catanzaro, Bryan and Cheng, Qiang and Chen, Guoliang and others},
  booktitle={International conference on machine learning},
  pages={173--182},
  year={2016}
}
@inproceedings{e2e4,
  title={Lexicon free Arabic speech recognition recipe},
  author={Ahmed, Abdelrahman and Hifny, Yasser and Shaalan, Khaled and Toral, Sergio},
  booktitle={International Conference on Advanced Intelligent Systems and Informatics},
  pages={147--159},
  year={2016},
  organization={Springer}
}
@article{hmmexample,
  author = {Tulyakov, Sergey},
  title = {Hidden Markov Models},
  year = {2014},
  journal = "venu@cubs.buffalo.edu",
}

@article{gmmdef,
  author = {Reynolds, Douglas},
  title = {Gaussian Mixture Models},
  year = {2009},
  journal = "MIT Lincoln Laboratory",
}
%--------------Chapter3------------------%
@inbook{e2earabiclexiconfree,
author = {Ahmed, Abdelrahman and Hifny, Yasser and Shaalan, Khaled and Toral, Sergio},
year = {2018},
month = {11},
pages = {231-248},
title = {End-to-End Lexicon Free Arabic Speech Recognition Using Recurrent Neural Networks},
isbn = {978-981-322-938-9},
doi = {10.1142/9789813229396_0011}
}
@article{GRUpaper,
  title={On the properties of neural machine translation: Encoder-decoder approaches},
  author={Cho, Kyunghyun and Van Merri{\"e}nboer, Bart and Bahdanau, Dzmitry and Bengio, Yoshua},
  journal={arXiv preprint arXiv:1409.1259},
  year={2014}
}
@misc{qcri6,
  author = "QCRI",
  title = {Automatic Dialect Detection Repository},
  year = "2017",
  howpublished = {\url{https://github.com/qcri/dialectID/tree/master/data}},
  note ={Visited April 6th 2019},
}
@misc{mgb2corpus,
  author = "QCRI",
  title = {Automatic Speech Recognition},
  year = "2018",
  howpublished = {\url{https://arabicspeech.org/resources}},
  note ={Visited April 6th 2019},
}
@article{mfccintro,
  title={Comparison of parametric representations for monosyllabic word recognition in continuously spoken sentences},
  author={Davis, Steven and Mermelstein, Paul},
  journal={IEEE transactions on acoustics, speech, and signal processing},
  volume={28},
  number={4},
  pages={357--366},
  year={1980},
  publisher={IEEE}
}
@misc{buckwalter,
  author = {Tim Buckwalter},
  title = {Arabic Transliteration/Encoding Chart},
  year = {1990},
  howpublished = {\url{http://languagelog.ldc.upenn.edu/myl/ldc/morph/buckwalter.html}},
  note ={Visited April 9th 2019},
}
@article{textencoding,
  title={Which encoding is the best for text classification in chinese, english, japanese and korean?},
  author={Zhang, Xiang and LeCun, Yann},
  journal={arXiv preprint arXiv:1708.02657},
  year={2017}
}
@inproceedings{teacherforcing,
  title={Professor forcing: A new algorithm for training recurrent networks},
  author={Lamb, Alex M and Goyal, Anirudh Goyal Alias Parth and Zhang, Ying and Zhang, Saizheng and Courville, Aaron C and Bengio, Yoshua},
  booktitle={Advances In Neural Information Processing Systems},
  pages={4601--4609},
  year={2016}
}
@inproceedings{seq2seqgoogle,
  title={Sequence to sequence learning with neural networks},
  author={Sutskever, Ilya and Vinyals, Oriol and Le, Quoc V},
  booktitle={Advances in neural information processing systems},
  pages={3104--3112},
  year={2014}
}
@article{encdecdef,
  title={Learning phrase representations using RNN encoder-decoder for statistical machine translation},
  author={Cho, Kyunghyun and Van Merri{\"e}nboer, Bart and Gulcehre, Caglar and Bahdanau, Dzmitry and Bougares, Fethi and Schwenk, Holger and Bengio, Yoshua},
  journal={arXiv preprint arXiv:1406.1078},
  year={2014}
}
@misc{encoderdecoder,
  title = {Understanding Encoder-Decoder Sequence to Sequence Model},
  author = {Simeon Kostadinov},
  year = {Feb 4th 2019},
  howpublished = {\url{https://towardsdatascience.com/understanding-encoder-decoder-sequence-to-sequence-model-679e04af4\\346}},
  note ={Visited April 13th 2019},
}
@article{lstmdef,
  title={Long short-term memory},
  author={Hochreiter, Sepp and Schmidhuber, J{\"u}rgen},
  journal={Neural computation},
  volume={9},
  number={8},
  pages={1735--1780},
  year={1997},
  publisher={MIT Press}
}
@misc{lstmgates,
  title = {Illustrated Guide to LSTM’s and GRU’s: A step by step explanation},
  author = {Michael Nguyen},
  year = {September 2018},
  howpublished = {\url{https://towardsdatascience.com/illustrated-guide-to-lstms-and-gru-s-a-step-by-step-explanation-4\\4e9eb85bf21}},
  note ={Visited April 16th 2019}
}
@article{bilstmdef,
  title={Framewise phoneme classification with bidirectional LSTM and other neural network architectures},
  author={Graves, Alex and Schmidhuber, J{\"u}rgen},
  journal={Neural Networks},
  volume={18},
  number={5-6},
  pages={602--610},
  year={2005},
  publisher={Elsevier}
}
@inproceedings{softmax,
  title={On the pairing of the softmax activation and cross-entropy penalty functions and the derivation of the softmax activation function},
  author={Dunne, Rob A and Campbell, Norm A},
  booktitle={Proc. 8th Aust. Conf. on the Neural Networks, Melbourne},
  volume={181},
  pages={185},
  year={1997},
  organization={Citeseer}
}
@article{Attention_handwriting,
  title={Generating sequences with recurrent neural networks},
  author={Graves, Alex},
  journal={arXiv preprint arXiv:1308.0850},
  year={2013}
}
@article{attention,
  title={Neural machine translation by jointly learning to align and translate},
  author={Bahdanau, Dzmitry and Cho, Kyunghyun and Bengio, Yoshua},
  journal={arXiv preprint arXiv:1409.0473},
  year={2014}
}
@inproceedings{imgattention,
  title={Show, attend and tell: Neural image caption generation with visual attention},
  author={Xu, Kelvin and Ba, Jimmy and Kiros, Ryan and Cho, Kyunghyun and Courville, Aaron and Salakhudinov, Ruslan and Zemel, Rich and Bengio, Yoshua},
  booktitle={International conference on machine learning},
  pages={2048--2057},
  year={2015}
}
@inproceedings{visualattentionrnn,
  title={Recurrent models of visual attention},
  author={Mnih, Volodymyr and Heess, Nicolas and Graves, Alex and others},
  booktitle={Advances in neural information processing systems},
  pages={2204--2212},
  year={2014}
}
@misc{attentionfunction,
  author = {SyncedReview},
  title = {A Brief Overview of Attention Mechanism},
  year = {September 5th 2017},
  howpublished = {\url{https://medium.com/syncedreview/a-brief-overview-of-attention-mechanism-13c578ba9129}},
  note ={Visited April 19th 2019}
}
@misc{LSTM_cell,
  title = {LSTM and its equations},
  year = {jully 6th 2018},
  howpublished = {\url{https://medium.com/@divyanshu132/lstm-and-its-equations-5ee9246d04af}},
  note ={Visited may 28th 2019}
}
@misc{atn_fig,
  title = {A Brief Overview of Attention Mechanism},
  year = {september 21th 2017},
  howpublished = {\url{https://medium.com/syncedreview/a-brief-overview-of-attention-mechanism-13c578ba9129}},
  note ={Visited may 24th 2019}
}
@article{modelinference,
  title={Generating sequences with recurrent neural networks},
  author={Graves, Alex},
  journal={arXiv preprint arXiv:1308.0850},
  year={2013}
}
@inproceedings{QASCorpus,
  title={Building TALAA-AFAQ, a corpus of Arabic FActoid question-answers for a question answering system},
  author={Aouichat, Asma and Guessoum, Ahmed},
  booktitle={International Conference on Applications of Natural Language to Information Systems},
  pages={380--386},
  year={2017},
  organization={Springer}
}
%--------------Chapter 4------------------%
@misc{colab,
  author = {Google},
  title = {Google Colaboratory},
  year = {2017},
  howpublished = {\url{https://colab.research.google.com/notebooks/welcome.ipynb}},
  note ={Visited April 29th 2019},
}
@article{timeseriesdata,
  title={Querying and mining of time series data: experimental comparison of representations and distance measures},
  author={Ding, Hui and Trajcevski, Goce and Scheuermann, Peter and Wang, Xiaoyue and Keogh, Eamonn},
  journal={Proceedings of the VLDB Endowment},
  volume={1},
  number={2},
  pages={1542--1552},
  year={2008},
  publisher={VLDB Endowment}
}
@misc{keras,
  title={Keras},
  author={Chollet and Fran\c{c}ois and others},
  year={2015},
  howpublished={\url{https://keras.io}},
  note ={Visited April 29th 2019},
}

@misc{keras_optimizers,
  title={Keras},
  author={Chollet and Fran\c{c}ois and others},
  year={2015},
  howpublished={\url{https://keras.io/optimizers/}},
  note ={Visited May 15th 2019},
}

@misc{pydub,
  title={Pydub},
  author={Robert, James},
  year={2019},
  howpublished={\url{https://github.com/jiaaro/pydub}},
  note ={Visited March 21st 2019},
}
@misc{librosa,
  title={LibRosa},
  author={McFee,Brian and Balke,Stefan},
  year={2019},
  howpublished={\url{https://github.com/librosa/librosa}},
  note ={Visited March 21st 2019},
}
@misc{numpy,
  title={NumPy},
  author={Haldane, Allan and Terrel, Andy},
  year={1995},
  howpublished={\url{https://www.numpy.org/}},
  note ={Visited March 21st 2019},
}
@misc{psutil,
  title={psutil},
  author={Rodola, Giampaolo},
  year={2019},
  howpublished={https://github.com/giampaolo/psutil},
  note ={Visited May 2nd 2019},
}
@misc{matplotlib,
  title={Matplotlib},
  author={Steven Silvester and  Damon McDougall and Eric Firing and others},
  year={2003},
  howpublished={https://matplotlib.org/},
  note ={Visited May 2nd 2019},
}
@misc{tensorflow,
  title={TensorFlow},
  author={Google},
  year={2011},
  howpublished={https://www.tensorflow.org/},
  note ={Visited june 5th 2019},
}
@misc{translang,
  title={trans-lang},
  author={Aries, Abdelkrime},
  year={2018},
  howpublished={https://github.com/kariminf/lang-trans},
  note ={Visited  june 5th 2019},
}
@misc{pyqt,
  title={PyQT},
  author={Riverbank},
  year={2018},
  howpublished={https://riverbankcomputing.com/software/pyqt/intro},
  note ={Visited  june 5th 2019},
}
@misc{PyAudio,
  title={PyAudio},
  author={Pham, Hubert},
  year={2017},
  howpublished={http://people.csail.mit.edu/hubert/pyaudio/},
  note ={Visited  june 5th 2019},
}
@misc{pickle,
  title={pickle},
  author={Python},
  year={2019},
  howpublished={https://docs.python.org/3/library/pickle.html},
  note ={Visited March 21st 2019},
}
@misc{XML,
  title={XML},
  author={Bray, Tim and Textuality and Netscape and 
Paoli, Jean and Sperberg-McQueen},
  year={2006},
  howpublished={https://www.w3.org/TR/2006/REC-xml11-20060816/#sec-well-formed},
  note ={Visited April 16th 2019},
}
@misc{wav,
  title={wav},
  author={Microsoft},
  year={1991},
  howpublished={https://fileinfo.com/extension/wav},
  note ={Visited march 21st 2019},
}
@misc{python_lang,
  title={Python},
  author={Guido van Rossum},
  year={1989},
  howpublished={https://docs.python.org/3/faq/general.html#what-is-python},
  note ={Visited April 17th 2019},
}
@misc{sublime,
  title={Sublime Text},
  author={Skinner, Jon},
  year={2008},
  howpublished={https://www.sublimetext.com/},
  note ={Visited March 21st 2019},
}
@misc{git ,
  title={Git},
  author={Linus Torvalds},
  year={2005},
  howpublished={https://git-scm.com/},
  note ={Visited May 2nd 2019},
}
@misc{pycharm ,
  title={PyCharm},
  author={JetBrains},
  year={2013},
  howpublished={https://www.jetbrains.com/pycharm/},
  note ={Visited March 2nd 2019},
}
@misc{functional_api,
  title={Keras Documentation, Functional API},
  author={Keras},
  year={2015},
  howpublished={https://keras.io/getting-started/functional-api-guide/},
  note ={Visited April 2nd 2019},
}
@misc{optimizers,
  title={Overview of different Optimizers for neural networks},
  author={Khandelwal, Renu},
  year={2019},
  howpublished={https://medium.com/datadriveninvestor/overview-of-different-optimizers-for-neural-networks-e0ed119440c3},
  note ={Visited May 24th 2019},
}
@article{ctc,
  author = {Maas, Andrew},
  title = {Lecture	8:	End-to-end	neural	network	speech recognition},
  year = {2017},
  journal = "CS 224S / LINGUIST 285 Spoken Language Processing, Stanford	University	",
}
@article{pso,
  title={Neural network learning using particle swarm optimizers},
  author={Settles, Matt and Rylander, Bart},
  journal={Advances in information science and soft computing},
  pages={224--226},
  year={2002},
  publisher={Citeseer}
}




